@book{sutton2018reinforcement,
  title     = {Reinforcement Learning: An Introduction},
  author    = {Sutton, Richard S. and Barto, Andrew G.},
  year      = {2018},
  edition   = {2},
  publisher = {MIT Press},
  isbn      = {978-0-262-03924-6}
}
